<record><leader>00000cas a22000007a 4500</leader><controlfield tag="001">10761284</controlfield><controlfield tag="008">840522d18381839mauwr ne      0   a0eng c</controlfield><datafield ind1=" " ind2=" " tag="010"><subfield code="a">sn 84023103 </subfield></datafield><datafield ind1=" " ind2=" " tag="040"><subfield code="a">AQM</subfield><subfield code="b">eng</subfield><subfield code="c">AQM</subfield><subfield code="d">OCLCG</subfield><subfield code="d">CGU</subfield><subfield code="d">GUA</subfield><subfield code="d">DLC</subfield><subfield code="d">TJC</subfield><subfield code="d">OCLCF</subfield><subfield code="d">OCLCO</subfield></datafield><datafield ind1=" " ind2=" " tag="012"><subfield code="l">1</subfield></datafield><datafield ind1="0" ind2=" " tag="022"><subfield code="a">2157-2798</subfield><subfield code="2">1</subfield></datafield><datafield ind1="1" ind2=" " tag="029"><subfield code="a">AU@</subfield><subfield code="b">000025820042</subfield></datafield><datafield ind1=" " ind2=" " tag="042"><subfield code="a">pcc</subfield><subfield code="a">nsdp</subfield></datafield><datafield ind1="0" ind2="0" tag="050"><subfield code="a">S1</subfield><subfield code="b">.B7</subfield></datafield><datafield ind1="1" ind2="0" tag="082"><subfield code="a">051</subfield><subfield code="2">14</subfield></datafield><datafield ind1="0" ind2=" " tag="130"><subfield code="a">Boston cultivator (Boston, Mass. : 1838)</subfield></datafield><datafield ind1=" " ind2="0" tag="222"><subfield code="a">Boston cultivator</subfield><subfield code="b">(1838)</subfield></datafield><datafield ind1="1" ind2="0" tag="245"><subfield code="a">Boston cultivator.</subfield></datafield><datafield ind1=" " ind2=" " tag="260"><subfield code="a">Boston [Mass.] :</subfield><subfield code="b">a society of gentlemen,</subfield><subfield code="c">1838-</subfield></datafield><datafield ind1=" " ind2=" " tag="300"><subfield code="a">v.</subfield></datafield><datafield ind1=" " ind2=" " tag="310"><subfield code="a">Weekly</subfield></datafield><datafield ind1="0" ind2=" " tag="362"><subfield code="a">Vol. 1, no. 1 (Dec. 29, 1838)-</subfield></datafield><datafield ind1="1" ind2=" " tag="362"><subfield code="a">Ceased in Dec. 1839.</subfield></datafield><datafield ind1=" " ind2=" " tag="500"><subfield code="a">Editor: W. Buckminster, 1838-1839.</subfield></datafield><datafield ind1=" " ind2=" " tag="500"><subfield code="a">Printer: Otis Brewer, 1838-1839.</subfield></datafield><datafield ind1=" " ind2="0" tag="651"><subfield code="a">Boston (Mass.)</subfield><subfield code="v">Newspapers.</subfield></datafield><datafield ind1=" " ind2="0" tag="651"><subfield code="a">Suffolk County (Mass.)</subfield><subfield code="v">Newspapers.</subfield></datafield><datafield ind1=" " ind2="7" tag="655"><subfield code="a">Newspapers.</subfield><subfield code="2">rbgenr</subfield></datafield><datafield ind1=" " ind2="7" tag="655"><subfield code="a">Newspapers.</subfield><subfield code="2">fast</subfield><subfield code="0">(OCoLC)fst01423814</subfield></datafield><datafield ind1=" " ind2="7" tag="651"><subfield code="a">Massachusetts</subfield><subfield code="z">Boston.</subfield><subfield code="2">fast</subfield><subfield code="0">(OCoLC)fst01205012</subfield></datafield><datafield ind1=" " ind2="7" tag="651"><subfield code="a">Massachusetts</subfield><subfield code="z">Suffolk County.</subfield><subfield code="2">fast</subfield><subfield code="0">(OCoLC)fst01206189</subfield></datafield><datafield ind1="1" ind2=" " tag="700"><subfield code="a">Buckminster, William,</subfield><subfield code="d">1784-1865.</subfield></datafield><datafield ind1=" " ind2=" " tag="752"><subfield code="a">United States</subfield><subfield code="b">Massachusetts</subfield><subfield code="c">Suffolk</subfield><subfield code="d">Boston.</subfield></datafield><datafield ind1="0" ind2="8" tag="776"><subfield code="i">Online version:</subfield><subfield code="t">Boston cultivator (Boston, Mass. : 1838 : Online)</subfield><subfield code="w">(DLC)  2009233245</subfield><subfield code="w">(OCoLC)302290862</subfield></datafield><datafield ind1="0" ind2="8" tag="776"><subfield code="i">Microfilm:</subfield><subfield code="t">Boston cultivator (1838)</subfield><subfield code="w">(DLC)sf 88091945</subfield><subfield code="w">(OCoLC)2253676</subfield></datafield><datafield ind1="0" ind2="0" tag="785"><subfield code="t">Cultivator (Boston, Mass.)</subfield><subfield code="x">2157-2801</subfield><subfield code="w">(DLC)sn 84023114</subfield><subfield code="w">(OCoLC)10761445</subfield></datafield><datafield ind1="4" ind2="1" tag="856"><subfield code="u">http://proquest.umi.com/pqdweb?RQT=318&amp;TS=1153762243&amp;clientId=13392&amp;VType=PQD&amp;VName=HNP&amp;VInst=PROD&amp;pmid=41538&amp;PageNum=1&amp;DBId=5197</subfield></datafield></record>